<?xml version="1.0" encoding="UTF-8"?><collection xmlns="http://www.loc.gov/MARC21/slim"><record><leader>00357nam--2200121-i-4500</leader><controlfield tag="001">000025562</controlfield><controlfield tag="002">20161230</controlfield><controlfield tag="005">20161230201036</controlfield><controlfield tag="008">060222s1000------------r-----000-0-eng-d</controlfield><datafield ind1=" " ind2=" " tag="080"><subfield code="a">53.081:539.1(08)</subfield></datafield><datafield ind1=" " ind2=" " tag="245"><subfield code="a">The inst.of atomic energy, acad.sinica.tables of the clebsch-gordon coefficients</subfield></datafield><datafield ind1=" " ind2=" " tag="260"><subfield code="a">Peking, Science Press, 1965. Vi + 564 P</subfield></datafield><datafield ind1=" " ind2=" " tag="852"><subfield code="a">28784</subfield></datafield></record></collection>